<record xmlns="http://www.loc.gov/MARC21/slim" xmlns:xsi="http://www.w3.org/2001/XMLSchema-instance" xsi:schemaLocation="http://www.loc.gov/MARC21/slim http://www.loc.gov/standards/marcxml/schema/MARC21slim.xsd"><leader>01000nz   2200181n  4500</leader><controlfield tag="001">oca03941780 </controlfield><controlfield tag="005">19951019054328.7</controlfield><controlfield tag="008">951018n| acannaab|          |a aaa     c</controlfield><datafield ind1=" " ind2=" " tag="010"><subfield code="a">nr 95038416 </subfield></datafield><datafield ind1=" " ind2=" " tag="040"><subfield code="a">NNC</subfield><subfield code="c">NNC</subfield></datafield><datafield ind1="1" ind2=" " tag="100"><subfield code="a">Oppius, C.,</subfield><subfield code="d">1st cent. B.C.</subfield></datafield><datafield ind1="1" ind2=" " tag="400"><subfield code="a">Oppius, Gaius,</subfield><subfield code="d">1st cent. B.C.</subfield></datafield><datafield ind1="0" ind2=" " tag="400"><subfield code="a">C. Oppius,</subfield><subfield code="d">1st cent. B.C.</subfield></datafield><datafield ind1=" " ind2=" " tag="670"><subfield code="a">The works of C. Oppius, 1991:</subfield><subfield code="b">PHI CD ROM #5.3, Latin Canon, bibliographic screen (C. Oppius)</subfield></datafield><datafield ind1=" " ind2=" " tag="670"><subfield code="a">Pauly-Wissowa:</subfield><subfield code="b">35. Halbbd., col. 729-736; "Oppius", #9 (C. Oppius; 54-44 B.C. one of the most important of Caesar's assistants)</subfield></datafield><datafield ind1=" " ind2=" " tag="670"><subfield code="a">Dict. of Greek and Roman biog. and mythology, 1967:</subfield><subfield code="b">v. 3, p. 38; "Oppius", #10 (C. Oppius; one of the most intimate friends of C. Julius Caesar; author of several books)</subfield></datafield><datafield ind1=" " ind2=" " tag="670"><subfield code="a">Oxford class. dict., 1st ed.:</subfield><subfield code="b">p. 623 (Oppius, Gaius; Caesar's friend of equestrian rank and manager of his affairs; corresponded with Cicero, and helped Octavian)</subfield></datafield><datafield ind1=" " ind2=" " tag="670"><subfield code="a">NUC pre-56:</subfield><subfield code="b">v. 431, p. 467 (Oppius, C.)</subfield></datafield></record>